@article{flowchart,
    author    = "Zoubin Ghahramani",
    title     = "An Introduction to Hidden Markov Models and Bayesian Networks",
    journal   = "International Journal of Pattern Recognition and Artificial Intelligence",
    year      = "2001",
    volume    = "15",
    pages     = "9-42"
}

@online{name, 
    author    = "Sean Borman",
    title     = "The Expectation Maximization Algorithm: A Short Tutorial",
    year      = "2004",
    url       = "https://www.cs.utah.edu/~piyush/teaching/EM_algorithm.pdf"
}

@online{n2, 
    author    = "Yihua Chen and Maya R Gupta",
    title     = "EM Demystified: An Expectation-Maximization Tutorial",
    year      = "2010",
    url       = "https://www2.ee.washington.edu/techsite/papers/documents/UWEETR-2010-0002.pdf"
}

@online{n4, 
    author    = "Andrew Ng",
    title     = "CS 229 Lecture Notes: The EM Algorithm",
    year      = "2016",
    url       = "http://cs229.stanford.edu/notes/cs229-notes8.pdf"
}

@book{Forbes,
    title={Bayesian Data Analysis},
    author={Andrew Gelman and  John B. Carlin and Hal S. Stern and David B. Dunson and Aki Vehtari and Donald B. Rubin},
    isbn={9781439840955},
    series={Chapman & Hall: CRC Texts in Statistical Science},
    year={2013},
    publisher={CRC Press}
}

@book{Casella,
    title={Statistical Inference},
    author={George Casella and Roger L. Berger},
    isbn={0534243126},
    series={},
    year={2002},
    publisher={Duxbury}
}
